@article{Ho2002,
  doi = {10.1023/a:1021251113462},
  url = {https://doi.org/10.1023/a:1021251113462},
  year = {2002},
  month = dec,
  publisher = {Springer Science and Business Media {LLC}},
  volume = {115},
  number = {3},
  pages = {549--570},
  author = {Y.C. Ho and D.L. Pepyne},
  title = {Simple Explanation of the No-Free-Lunch Theorem and Its Implications},
  journal = {Journal of Optimization Theory and Applications}
}